<?xml version="1.0"?>
<marc:records xmlns:marc="http://www.loc.gov/MARC21/slim" xmlns:xsi="http://www.w3.org/2001/XMLSchema-instance" xsi:schemaLocation="http://www.loc.gov/MARC21/slim http://www.loc.gov/standards/marcxml/schema/MARC21slim.xsd">
  <marc:record>
    <marc:leader>05266ntm a2200541Ia 4500</marc:leader>
    <marc:controlfield tag="001">9977406951103681</marc:controlfield>
    <marc:controlfield tag="005">20181107122130.0</marc:controlfield>
    <marc:controlfield tag="008">181031q142616uuxx a          000 0 ara d</marc:controlfield>
    <marc:datafield ind1=" " ind2=" " tag="035">
      <marc:subfield code="a">(OCoLC)1059578477</marc:subfield>
    </marc:datafield>
    <marc:datafield ind1=" " ind2=" " tag="035">
      <marc:subfield code="a">(OCoLC)on1059578477</marc:subfield>
    </marc:datafield>
    <marc:datafield ind1=" " ind2=" " tag="040">
      <marc:subfield code="a">PAU</marc:subfield>
      <marc:subfield code="b">eng</marc:subfield>
      <marc:subfield code="c">PAU</marc:subfield>
      <marc:subfield code="e">amremm</marc:subfield>
    </marc:datafield>
    <marc:datafield ind1=" " ind2="9" tag="099">
      <marc:subfield code="a">Ms. Codex 1918</marc:subfield>
    </marc:datafield>
    <marc:datafield ind1="1" ind2=" " tag="100">
      <marc:subfield code="6">880-01</marc:subfield>
      <marc:subfield code="a">Shāfiʻī, Shams al-Dīn.</marc:subfield>
    </marc:datafield>
    <marc:datafield ind1="1" ind2="0" tag="245">
      <marc:subfield code="6">880-02</marc:subfield>
      <marc:subfield code="a">Sirr al-asrār fī ʻilm al-āthār ; Shamsīyah fī al-kashf ʻan mā ʼawdaʻ fī al-jadāwil al-zahrīyah.</marc:subfield>
    </marc:datafield>
    <marc:datafield ind1=" " ind2=" " tag="260">
      <marc:subfield code="a">[Morocco?],</marc:subfield>
      <marc:subfield code="c">after A.H. 829 (1426)</marc:subfield>
    </marc:datafield>
    <marc:datafield ind1=" " ind2=" " tag="300">
      <marc:subfield code="a">66 leaves :</marc:subfield>
      <marc:subfield code="b">paper, illustrations ;</marc:subfield>
      <marc:subfield code="c">215 x 160 (175 x 110) mm bound to 215 x 170 mm.</marc:subfield>
    </marc:datafield>
    <marc:datafield ind1=" " ind2=" " tag="500">
      <marc:subfield code="a">Ms. codex.</marc:subfield>
    </marc:datafield>
    <marc:datafield ind1=" " ind2=" " tag="500">
      <marc:subfield code="a">Title of the manuscript from title of the first work (f. 1r) and the title of the second work (f. 37v).</marc:subfield>
    </marc:datafield>
    <marc:datafield ind1=" " ind2=" " tag="500">
      <marc:subfield code="a">Foliation: Modern western foliation added in pencil, upper left recto; catchwords every verso, lower left.</marc:subfield>
    </marc:datafield>
    <marc:datafield ind1=" " ind2=" " tag="500">
      <marc:subfield code="a">Layout: 21-23 long lines; frame ruled.</marc:subfield>
    </marc:datafield>
    <marc:datafield ind1=" " ind2=" " tag="500">
      <marc:subfield code="a">Script:  Written in naskh in black.</marc:subfield>
    </marc:datafield>
    <marc:datafield ind1=" " ind2=" " tag="500">
      <marc:subfield code="a">Decoration: Rubrications; many leaves of tables included (f. 15r, 17r, 18r, 18v, 21r, 23r, 29r, 30v, 43v-66r inclusive).</marc:subfield>
    </marc:datafield>
    <marc:datafield ind1=" " ind2=" " tag="500">
      <marc:subfield code="a">Binding: Bound in red leather over paperboard with flap (Type II); covers blind stamped with central mandorla with paper onlay and frame; flap also blind stamped with paper onlay. Binding is in poor condition: flap has separated and front cover is held on only by two hinges.</marc:subfield>
    </marc:datafield>
    <marc:datafield ind1=" " ind2=" " tag="500">
      <marc:subfield code="a">Origin: Written after 1426.</marc:subfield>
    </marc:datafield>
    <marc:datafield ind1="0" ind2=" " tag="505">
      <marc:subfield code="a">1. f. 1r-36v : Sirr al-Asrār fī ʻilm al-āthār. -- 2. f. 37r-66r : Shamsīyah fī al-Kashf ʻan mā ʼawdaʻ fī al-jadāwil al-zahrīyah.</marc:subfield>
    </marc:datafield>
    <marc:datafield ind1=" " ind2=" " tag="520">
      <marc:subfield code="a">Set of texts about geomancy. The second is a commentary and abridgement of a longer work on geomancy (ʻilm al-raml) by ʻUmar ibn Aḥmad ibn ʻAlī al-Khitāʼī.</marc:subfield>
    </marc:datafield>
    <marc:datafield ind1=" " ind2=" " tag="524">
      <marc:subfield code="a">UPenn Ms. Codex 1918.</marc:subfield>
    </marc:datafield>
    <marc:datafield ind1=" " ind2=" " tag="546">
      <marc:subfield code="a">Arabic.</marc:subfield>
    </marc:datafield>
    <marc:datafield ind1="1" ind2=" " tag="561">
      <marc:subfield code="a">Accessioned by the Libraries, 1891.</marc:subfield>
    </marc:datafield>
    <marc:datafield ind1="1" ind2=" " tag="561">
      <marc:subfield code="a">Likely acquired by Talcott Williams in Morocco; from The Daily Pennsylvanian, 5:18, 20 November 1889: "The University has recently received eighteen Arabic manuscripts, embracing judicial, historical and poetic works. These were procured by Mr. Talcott Williams, in his recent trip to Morocco".</marc:subfield>
    </marc:datafield>
    <marc:datafield ind1=" " ind2="0" tag="650">
      <marc:subfield code="a">Divination</marc:subfield>
      <marc:subfield code="x">Religious aspects</marc:subfield>
      <marc:subfield code="x">Islam.</marc:subfield>
    </marc:datafield>
    <marc:datafield ind1=" " ind2="0" tag="650">
      <marc:subfield code="a">Geomancy.</marc:subfield>
    </marc:datafield>
    <marc:datafield ind1=" " ind2="7" tag="655">
      <marc:subfield code="a">Codices.</marc:subfield>
      <marc:subfield code="2">aat</marc:subfield>
    </marc:datafield>
    <marc:datafield ind1=" " ind2="7" tag="655">
      <marc:subfield code="a">Tables (documents)</marc:subfield>
      <marc:subfield code="2">aat</marc:subfield>
    </marc:datafield>
    <marc:datafield ind1=" " ind2="0" tag="655">
      <marc:subfield code="a">Manuscripts, Arabic</marc:subfield>
      <marc:subfield code="y">15th century.</marc:subfield>
    </marc:datafield>
    <marc:datafield ind1=" " ind2="0" tag="655">
      <marc:subfield code="a">Manuscripts, Arabic</marc:subfield>
      <marc:subfield code="y">16th century.</marc:subfield>
    </marc:datafield>
    <marc:datafield ind1=" " ind2="0" tag="655">
      <marc:subfield code="a">Manuscripts, Medieval.</marc:subfield>
    </marc:datafield>
    <marc:datafield ind1="1" ind2="2" tag="700">
      <marc:subfield code="6">880-03</marc:subfield>
      <marc:subfield code="a">Shāfiʻī, Shams al-Dīn,</marc:subfield>
      <marc:subfield code="t">Shamsīyah fī al-kashf ʻan mā ʼawdaʻ fī al-jadāwil al-zahrīyah.</marc:subfield>
    </marc:datafield>
    <marc:datafield ind1="1" ind2="2" tag="700">
      <marc:subfield code="6">880-04</marc:subfield>
      <marc:subfield code="a">Khiṭāʼī, ʻUmar ibn Aḥmad ibn ʻAlī,</marc:subfield>
      <marc:subfield code="d">active in 1426.</marc:subfield>
      <marc:subfield code="t">Jadāwil al-zahrīyah fī īḍāḥ ʻilm al-raml wa-al-zāʼirjah al-khafīyah.</marc:subfield>
    </marc:datafield>
    <marc:datafield ind1="1" ind2=" " tag="700">
      <marc:subfield code="a">Williams, Talcott,</marc:subfield>
      <marc:subfield code="d">1849-1928,</marc:subfield>
      <marc:subfield code="e">former owner.</marc:subfield>
    </marc:datafield>
    <marc:datafield ind1=" " ind2=" " tag="852">
      <marc:subfield code="b">Kislak Center for Special Collections, Rare Books and Manuscripts</marc:subfield>
      <marc:subfield code="a">University of Pennsylvania</marc:subfield>
      <marc:subfield code="e">3420 Walnut Street, Philadelphia, Pennsylvania 19104-6206.</marc:subfield>
      <marc:subfield code="j">Ms. Codex 1918</marc:subfield>
    </marc:datafield>
    <marc:datafield ind1="1" ind2=" " tag="880">
      <marc:subfield code="6">100-01//r</marc:subfield>
      <marc:subfield code="a">شافعي، شمس الدين.</marc:subfield>
    </marc:datafield>
    <marc:datafield ind1="1" ind2="0" tag="880">
      <marc:subfield code="6">245-02//r</marc:subfield>
      <marc:subfield code="a">سر الاسرار في علم الاثار ؛ شمسية في الكشف عن ما أودع في الجداول الزهرية.</marc:subfield>
    </marc:datafield>
    <marc:datafield ind1="1" ind2="2" tag="880">
      <marc:subfield code="6">700-03//r</marc:subfield>
      <marc:subfield code="a">شافعي، شمس الدين،</marc:subfield>
      <marc:subfield code="t">شمسية في الكشف عن ما أودع في الجداول الزهرية.</marc:subfield>
    </marc:datafield>
    <marc:datafield ind1="1" ind2="2" tag="880">
      <marc:subfield code="6">700-04//r</marc:subfield>
      <marc:subfield code="a">خطائي، عمر بن احمد بن علي,</marc:subfield>
      <marc:subfield code="t">جداول الزهرية في ايضاح علم الرمل والزائرجة الخفية.</marc:subfield>
    </marc:datafield>
    <marc:datafield ind1=" " ind2=" " tag="948">
      <marc:subfield code="h">HELD BY PAU - 0 OTHER HOLDINGS</marc:subfield>
    </marc:datafield>
    <marc:datafield ind1=" " ind2=" " tag="994">
      <marc:subfield code="a">Z0</marc:subfield>
      <marc:subfield code="b">PAU</marc:subfield>
    </marc:datafield>
    <marc:datafield ind1=" " ind2=" " tag="996">
      <marc:subfield code="a">hinge-right</marc:subfield>
    </marc:datafield>
    <marc:holdings>
      <marc:holding>
        <marc:holding_id>22561479040003681</marc:holding_id>
        <marc:call_number>Ms. Codex 1918</marc:call_number>
        <marc:library>KislakCntr</marc:library>
        <marc:location>scmss</marc:location>
      </marc:holding>
    </marc:holdings>
  </marc:record>
</marc:records>
